@misc{JuggerRegelwerk,
  author       = {Jugger League},
  title        = {Downloads f√ºr Regelwerk},
  year         = {2023},
  howpublished = {\url{https://www.jugger.org/downloads}},
  note         = {Accessed: 2025-04-30}
}
